001  0000136
005  20180822170212.212
008  170704s||||     bl|||||||||||||||||por|u
020    $a 8508043759
040    $aPorto Alegre$bpor
080    $2326.4(81)$a1997
090    $a326.4(81)$bG149p$c5 ed.
100 1  $aGaldino, Luiz
245 10 $aPalmares$cLuiz Galdino
260    $aSão Paulo$bÁtica$c1998
300    $a36 p.
490 0  $aO cotidiano da história $v5 ed.
650    $aPalmares
650    $aZumbi
650    $aResistência
650    $aGanga-Zumba
650    $aAlagoas
650    $aNegro
650    $aCultura brasileira
650    $aQuilombo
